@misc{GSMA,
  author    = {The State of Mobile Internet Connectivity 2023},
  title     = {A survey of voice and video transmission technologies over IP networks},
  year      = {2023},
  howpublished = {\url{https://www.gsma.com/r/somic/}},
}

@book{tanenbaum2011redes,
  author    = {Tanenbaum, Andrew S. and Wetherall, David J.},
  title     = {Redes de computadoras},
  year      = {2011},
  publisher = {Pearson Educaci√≥n},
  edition   = {5},
  isbn      = {978-607-442-357-7}
}

@inproceedings{li2016real,
  author    = {Li, Wei and Zhang, Hong and Wang, Jian},
  title     = {Real-time video transmission optimization in wireless networks},
  booktitle = {2016 IEEE International Conference on Communications (ICC)},
  pages     = {1--6},
  year      = {2016},
  organization = {IEEE}
}

@misc{webrtc2024,
  author    = {Google},
  title     = {WebRTC: Real-Time Communication for the Web},
  howpublished = {\url{https://webrtc.org/}},
  year      = {2024},
  note      = {Acceso el 12 de mayo de 2025}
}